@misc{Alexa,
  author          = {Alexa},
  title           = {{douban.com Competitive Analysis, Marketing Mix and
                  Traffic}},
  urldate         = {2020-05-02}
}

@article{carvalho2012emotional,
  title           = {The emotional movie database (EMDB): A self-report and
                  psychophysiological study},
  author          = {Carvalho, Sandra and Leite, Jorge and Galdo-{\'A}lvarez,
                  Santiago and Gon{\c{c}}alves, {\'O}scar F},
  journal         = {Applied psychophysiology and biofeedback},
  volume          = 37,
  number          = 4,
  pages           = {279--294},
  year            = 2012,
  publisher       = {Springer}
}

@article{yang2016mining,
  title           = {Mining Chinese social media UGC: a big-data framework for
                  analyzing Douban movie reviews},
  author          = {Yang, Jie and Yecies, Brian},
  journal         = {Journal of Big Data},
  volume          = 3,
  number          = 1,
  pages           = 3,
  year            = 2016,
  publisher       = {Springer}
}
